<?xml version="1.0" encoding="UTF-8"?><collection xmlns="http://www.loc.gov/MARC21/slim"><record><leader>00627nam--2200181-i-4500</leader><controlfield tag="001">000000085</controlfield><controlfield tag="002">20161230</controlfield><controlfield tag="005">20161230201023</controlfield><controlfield tag="008">060222s1000------------r-----000-0-fre-d</controlfield><datafield ind1=" " ind2=" " tag="040"><subfield code="a">IFIN-HH</subfield></datafield><datafield ind1=" " ind2=" " tag="041"><subfield code="a">fre</subfield></datafield><datafield ind1=" " ind2=" " tag="080"><subfield code="a">539.1.074.55:539.143.43(043)</subfield></datafield><datafield ind1="1" ind2=" " tag="100"><subfield code="a">Ghazali, Abdelwahab</subfield></datafield><datafield ind1="1" ind2="0" tag="245"><subfield code="a">La transition isolant-metal dans les semiconducteurs dopes.etude theorique par la methode de la fonctionnelle de la densite et comparison avec l`experience</subfield><subfield code="b">These</subfield><subfield code="c">Abdelwahab ghazali</subfield></datafield><datafield ind1=" " ind2=" " tag="260"><subfield code="a">Paris</subfield><subfield code="b">Universite De Paris-sud</subfield><subfield code="c">1980</subfield></datafield><datafield ind1=" " ind2=" " tag="300"><subfield code="a">XIV + 280 P</subfield></datafield><datafield ind1=" " ind2=" " tag="852"><subfield code="a">49848</subfield><subfield code="c">5393.143.43</subfield></datafield><datafield ind1=" " ind2=" " tag="CAT"><subfield code="a">Sys</subfield><subfield code="c">20120510</subfield><subfield code="h">185327</subfield></datafield></record></collection>